@incollection{mungamuru2008competition,
  title={Competition and fraud in online advertising markets},
  author={Mungamuru, Bob and Weis, Stephen},
  booktitle={Financial Cryptography and Data Security},
  pages={187--191},
  year={2008},
  publisher={Springer}
}
@article{hoeting1999bayesian,
  title={Bayesian model averaging: a tutorial},
  author={Hoeting, Jennifer A and Madigan, David and Raftery, Adrian E and Volinsky, Chris T},
  journal={Statistical science},
  pages={382--401},
  year={1999},
  publisher={JSTOR}
}
@article{li2011click,
  title={Click fraud and the adverse effects of competition},
  author={Li, Xiarong and Zeng, Daniel D and Liu, Yong and Yang, Yanwu},
  journal={IEEE Intelligent Systems},
  volume={26},
  number={6},
  pages={31--39},
  year={2011}
}
@article{antenucci2011classification,
  title={Classification of tweets via clustering of hashtags},
  author={Antenucci, Dolan and Handy, GREGORY and Modi, AKSHAY and Tinkerhess, MILLER},
  journal={EECS},
  volume={545},
  pages={1--11},
  year={2011}
}
@inproceedings{mosquera2012qualitative,
  title={A qualitative analysis of informality levels in web 2.0 texts: The facebook case study},
  author={Mosquera, Alejandro and Moreda, Paloma},
  booktitle={Proceedings of the LREC workshop:@ NLP can u tag\# user generated content},
  pages={23--29},
  year={2012}
}
@inproceedings{kolcz2004impact,
  title={The impact of feature selection on signature-driven spam detection},
  author={Ko{\l}cz, Aleksander and Chowdhury, Abdur and Alspector, Joshua},
  booktitle={Proceedings of the 1st Conference on Email and Anti-Spam (CEAS-2004)},
  year={2004}
}
@article{berger2012makes,
  title={What makes online content viral?},
  author={Berger, Jonah and Milkman, Katherine L},
  journal={Journal of marketing research},
  volume={49},
  number={2},
  pages={192--205},
  year={2012},
  publisher={American Marketing Association}
}
@article{aphinyanaphongs2014comprehensive,
  title={A comprehensive empirical comparison of modern supervised classification and feature selection methods for text categorization},
  author={Aphinyanaphongs, Yindalon and Fu, Lawrence D and Li, Zhiguo and Peskin, Eric R and Efstathiadis, Efstratios and Aliferis, Constantin F and Statnikov, Alexander},
  journal={Journal of the Association for Information Science and Technology},
  volume={65},
  number={10},
  pages={1964--1987},
  year={2014},
  publisher={Wiley Online Library}
}
@inproceedings{benevenuto2010detecting,
  title={Detecting spammers on twitter},
  author={Benevenuto, Fabricio and Magno, Gabriel and Rodrigues, Tiago and Almeida, Virgilio},
  booktitle={Collaboration, electronic messaging, anti-abuse and spam conference (CEAS)},
  volume={6},
  pages={12},
  year={2010}
}
@article{kouloumpis2011twitter,
  title={Twitter sentiment analysis: The good the bad and the omg!},
  author={Kouloumpis, Efthymios and Wilson, Theresa and Moore, Johanna},
  journal={Icwsm},
  volume={11},
  pages={538--541},
  year={2011}
}
@article{rastogi2015analytical,
  title={An analytical study of online advertising and its co-relationship with green marketing for facilitating sustainable marketing effectiveness},
  author={Rastogi, Ekta and Khan, MS},
  journal={IJAR},
  volume={1},
  number={5},
  pages={182--184},
  year={2015}
}
@article{guzella2009review,
  title={A review of machine learning approaches to spam filtering},
  author={Guzella, Thiago S and Caminhas, Walmir M},
  journal={Expert Systems with Applications},
  volume={36},
  number={7},
  pages={10206--10222},
  year={2009},
  publisher={Elsevier}
}

@article{morstatter2013sample,
  title={Is the sample good enough? comparing data from twitter's streaming api with twitter's firehose},
  author={Morstatter, Fred and Pfeffer, J{\"u}rgen and Liu, Huan and Carley, Kathleen M},
  journal={arXiv preprint arXiv:1306.5204},
  year={2013}
}
@article{rowe2014using,
  title={Using social network graph analysis for interest detection},
  author={Rowe, Brian Lee Yung},
  journal={arXiv preprint arXiv:1410.0316},
  year={2014}
}

@article{sumner2014association,
  title={The association between exaggeration in health related science news and academic press releases: retrospective observational study},
  author={Sumner, Petroc and Vivian-Griffiths, Solveiga and Boivin, Jacky and Williams, Andy and Venetis, Christos A and Davies, Aim{\'e}e and Ogden, Jack and Whelan, Leanne and Hughes, Bethan and Dalton, Bethan and others},
  journal={BMJ},
  volume={349},
  pages={g7015},
  year={2014},
  publisher={BMJ Publishing Group Ltd}
}
@article{ioannidis2005most,
  title={Why most published research findings are false},
  author={Ioannidis, John PA},
  journal={Chance},
  volume={18},
  number={4},
  pages={40--47},
  year={2005},
  publisher={Taylor \& Francis}
}

@article{lock2013baited,
  title={Baited by junk news-click on this!: notes from the cutting edge},
  author={Lock, Brett},
  journal={Rhodes Journalism Review},
  number={33},
  pages={104--105},
  year={2013},
  publisher={Sabinet Online}
}
@inproceedings{nakajima2012early,
  title={Early detection of buzzwords based on large-scale time-series analysis of blog entries},
  author={Nakajima, Shinsuke and Zhang, Jianwei and Inagaki, Yoichi and Nakamoto, Reyn},
  booktitle={Proceedings of the 23rd ACM conference on Hypertext and social media},
  pages={275--284},
  year={2012},
  organization={ACM}
}

@article{wilson2002relevance,
  title={Relevance theory},
  author={Wilson, Deirdre and Sperber, Dan},
  journal={Handbook of pragmatics},
  year={2002},
  publisher={Blackwell}
}

@article{rathi2013spam,
  title={Spam Mail Detection through Data Mining--A Comparative Performance Analysis},
  author={Rathi, Megha and Pareek, Vikas},
  journal={International Journal of Modern Education and Computer Science (IJMECS)},
  volume={5},
  number={12},
  pages={31},
  year={2013}
}

@article{lindemann1989knowledge,
  title={What knowledge does it take to read a newspaper?},
  author={Lindemann, Bernhard},
  journal={Journal of Literary Semantics},
  volume={18},
  number={1},
  pages={50--65},
  year={1989}
}

@inproceedings{tomonaga2014measurement,
  title={Measurement of bloggers’ buzzword prediction ability based on analyzing frequency of early mentions of past buzzwords},
  author={Tomonaga, Seiya and Nakajima, Shinsuke and Inagaki, Yoichi and Nakamoto, Reyn and Ogura, Tsukasa and Zhang, Jianwei},
  booktitle={Proceedings of the International MultiConference of Engineers and Computer Scientists},
  volume={1},
  year={2014}
}

@book{androutsopoulos2004learning,
  title={Learning to filter unsolicited commercial e-mail},
  author={Androutsopoulos, Ion and Paliouras, Georgios and Michelakis, Eirinaios},
  year={2004},
  publisher={" DEMOKRITOS", National Center for Scientific Research}
}
@inproceedings{lapides2015news,
  title={News Feed: What’s in it for Me?},
  author={Lapides, Paul and Chokshi, Apoorve and Carpendale, Sheelagh and Greenberg, Saul},
  booktitle={Proceedings of the 33rd Annual ACM Conference on Human Factors in Computing Systems},
  pages={163--172},
  year={2015},
  organization={ACM}
}

@inproceedings{strapparava2007semeval,
  title={Semeval-2007 task 14: Affective text},
  author={Strapparava, Carlo and Mihalcea, Rada},
  booktitle={Proceedings of the 4th International Workshop on Semantic Evaluations},
  pages={70--74},
  year={2007},
  organization={Association for Computational Linguistics}
}

@book{bell1991language,
  title={The language of news media},
  author={Bell, Allan},
  year={1991},
  publisher={Blackwell Oxford}
}

@book{van2013news,
  title={News as discourse},
  author={Van Dijk, Teun A},
  year={2013},
  publisher={Routledge}
}

@article{marquez1980accurate,
  title={How Accurate Are the Headlines?},
  author={Marquez, FT},
  journal={Journal of Communication},
  volume={30},
  number={3},
  pages={30--36},
  year={1980},
  publisher={Wiley Online Library}
}

@article{iarovici1989strategy,
  title={The strategy of the headline},
  author={Iarovici, Edith and Amel, Rodica},
  journal={Semiotica},
  volume={77},
  number={4},
  pages={441--460},
  year={1989}
}

@inproceedings{chen2015using,
  title={Using Feature Selection Approaches to Identify Crucial Factors of Mobile Advertisements},
  author={Chen, Long-Sheng and Liu, Chun-Cheng},
  booktitle={Proceedings of the International MultiConference of Engineers and Computer Scientists},
  volume={1},
  year={2015}
}
@article{gottfried2015six,
  title={Six Ways This Article is Most Definitely Not an Ad: Deceptive Marketing and the Need for Clearly-Defined Disclosure Rules in Online Native Advertising},
  author={Gottfried, Robert A},
  journal={Loyola Consumer Law Review},
  volume={27},
  number={3},
  pages={399},
  year={2015}
}

@article{blom2015click,
  title={Click bait: Forward-reference as lure in online news headlines},
  author={Blom, Jonas Nygaard and Hansen, Kenneth Reinecke},
  journal={Journal of Pragmatics},
  volume={76},
  pages={87--100},
  year={2015},
  publisher={Elsevier}
}
@ONLINE{site:psycholicalreasonsclickbait,
  author = {Ben, Guarino},
  title = {The 5 Psychological Reasons You Can't Resist Clickbait},
  month = {06,
  year = {2015},
  url = {https://www.inverse.com/article/4069-the-5-psychological-reasons-you-can-t-resist-clickbait}
  urldate = {2016-01-06}
}
@article{loewenstein1994psychology,
  title={The psychology of curiosity: A review and reinterpretation.},
  author={Loewenstein, George},
  journal={Psychological bulletin},
  volume={116},
  number={1},
  pages={75},
  year={1994},
  publisher={American Psychological Association}
}
@inproceedings{guerini2015deep,
  title={Deep Feelings: A Massive Cross-Lingual Study on the Relation between Emotions and Virality},
  author={Guerini, Marco and Staiano, Jacopo},
  booktitle={Proceedings of the 24th International Conference on World Wide Web Companion},
  pages={299--305},
  year={2015},
  organization={International World Wide Web Conferences Steering Committee}
}
@book{patterson2000doing,
  title={Doing well and doing good: How soft news and critical journalism are shrinking the news audience and weakening democracy-and what news outlets can do about it},
  author={Patterson, Thomas E},
  year={2000},
  publisher={Joan Shorenstein Center on the Press, Politics and Public Policy, John F. Kennedy School of Government, Harvard University}
}
@article{vijgen2014listicle,
  title={THE LISTICLE: AN EXPLORING RESEARCH ON AN INTERESTING SHAREABLE NEW MEDIA PHENOMENON},
  author={Vijgen, Bram},
  journal={Studia Universitatis Babes-Bolyai-Ephemerides},
  number={1},
  pages={103--122},
  year={2014}
}

@article{allport1943building,
  title={Building war morale with news-headlines},
  author={Allport, Floyd H and Lepkin, Milton},
  journal={Public Opinion Quarterly},
  volume={7},
  number={2},
  pages={211--221},
  year={1943},
  publisher={AAPOR}
}
@article{althaus2001using,
  title={Using substitutes for full-text news stories in content analysis: Which text is best?},
  author={Althaus, Scott L and Edy, Jill A and Phalen, Patricia F},
  journal={American Journal of Political Science},
  pages={707--723},
  year={2001},
  publisher={JSTOR}
}

@article{andrew2007media,
  title={Media-generated shortcuts: Do newspaper headlines present another roadblock for low-information rationality?},
  author={Andrew, Blake C},
  journal={The Harvard International Journal of Press/Politics},
  volume={12},
  number={2},
  pages={24--43},
  year={2007},
  publisher={SAGE Publications}
}

@article{ariel1988retrieving,
  title={Retrieving propositions from context: Why and how},
  author={Ariel, Mira},
  journal={Journal of pragmatics},
  volume={12},
  number={5},
  pages={567--600},
  year={1988},
  publisher={Elsevier}
}

@article{ariel1991function,
  title={The function of accessibility in a theory of grammar},
  author={Ariel, Mira},
  journal={Journal of Pragmatics},
  volume={16},
  number={5},
  pages={443--463},
  year={1991},
  publisher={Elsevier}
}

%Behind the Headlines, It's a Different Story? andrew

@article{brone2010processing,
  title={Processing deliberate ambiguity in newspaper headlines: Double grounding},
  author={Br{\^o}ne, Geert and Coulson, Seana},
  journal={Discourse Processes},
  volume={47},
  number={3},
  pages={212--236},
  year={2010},
  publisher={Taylor \& Francis}
}

@article{bucaria2004lexical,
  title={Lexical and syntactic ambiguity as a source of humor: The case of newspaper headlines},
  author={Bucaria, Chiara},
  journal={Humor},
  volume={17},
  number={3},
  pages={279--310},
  year={2004},
  publisher={WALTER DE GRUYTER \& CO}
}

@article{chan2003stock,
  title={Stock price reaction to news and no-news: drift and reversal after headlines},
  author={Chan, Wesley S},
  journal={Journal of Financial Economics},
  volume={70},
  number={2},
  pages={223--260},
  year={2003},
  publisher={Elsevier}
}
@inproceedings{chaumartin2007upar7,
  title={UPAR7: A knowledge-based system for headline sentiment tagging},
  author={Chaumartin, Fran{\c{c}}ois-R{\'e}gis},
  booktitle={Proceedings of the 4th International Workshop on Semantic Evaluations},
  pages={422--425},
  year={2007},
  organization={Association for Computational Linguistics}
}
@phdthesis{chaysin2011analyzing,
  title={Analyzing the Use of Figures of Speech in Print Advertising of Food Products from a Food Magazine},
  author={Chaysin, Porntida},
  year={2011},
  school={THAMMASAT UNIVERSITY BANGKOK, THAILAND}
}

@article{condit2001exploratory,
  title={An exploratory study of the impact of news headlines on genetic determinism},
  author={Condit, Celeste M and Ferguson, Alex and Kassel, Rachel and Thadhani, Chitra and Gooding, Holly Catherine and Parrott, Roxanne},
  journal={Science Communication},
  volume={22},
  number={4},
  pages={379--395},
  year={2001},
  publisher={Sage Publications}
}

@article{davalos2007iii,
  title={III. Content analysis of magazine headlines changes over three decades?},
  author={Davalos, Deana B and Davalos, Ruth A and Layton, Heidi S},
  journal={Feminism \& Psychology},
  volume={17},
  number={2},
  pages={250--258},
  year={2007},
  publisher={SAGE Publications}
}
@article{develotte2001discourse,
  title={Discourse analysis of newspaper headlines: a methodological framework for research into national representations},
  author={Develotte, Christine and Rechniewski, Elizabeth},
  journal={The Web Journal of French Media Studies},
  volume={4},
  number={1},
  year={2001}
}
@article{lemarie2012understanding,
  title={Understanding how headings influence text processing},
  author={Lemari{\'e}, Julie and Lorch, Jr Robert F and P{\'e}ry-Woodley, Marie-Paule},
  journal={Discours. Revue de linguistique, psycholinguistique et informatique},
  number={10},
  year={2012},
  publisher={Laboratoire LATTICE, UMR 8094 ENS/CNRS}
}

@article{dor2003newspaper,
  title={On newspaper headlines as relevance optimizers},
  author={Dor, Daniel},
  journal={Journal of Pragmatics},
  volume={35},
  number={5},
  pages={695--721},
  year={2003},
  publisher={Elsevier}
}

@article{ecker2014people,
  title={Do people keep believing because they want to? Preexisting attitudes and the continued influence of misinformation},
  author={Ecker, Ullrich KH and Lewandowsky, Stephan and Fenton, Olivia and Martin, Kelsey},
  journal={Memory \& cognition},
  volume={42},
  number={2},
  pages={292--304},
  year={2014},
  publisher={Springer}
}
@article{ecker2014effects,
  title={The effects of subtle misinformation in news headlines.},
  author={Ecker, Ullrich KH and Lewandowsky, Stephan and Chang, Ee Pin and Pillai, Rekha},
  journal={Journal of experimental psychology: applied},
  volume={20},
  number={4},
  pages={323},
  year={2014},
  publisher={American Psychological Association}
}
@article{freimuth1984covering,
  title={Covering cancer: Newspapers and the public interest},
  author={Freimuth, Vicki S and Greenberg, Rachel H and DeWitt, Jean and Romano, Rose Mary},
  journal={Journal of communication},
  volume={34},
  number={1},
  pages={62--73},
  year={1984},
  publisher={Wiley Online Library}
}
@incollection{hensinger2013modelling,
  title={Modelling and explaining online news preferences},
  author={Hensinger, Elena and Flaounas, Ilias and Cristianini, Nello},
  booktitle={Pattern Recognition-Applications and Methods},
  pages={65--77},
  year={2013},
  publisher={Springer}
}

@article{ifantidou2009newspaper,
  title={Newspaper headlines and relevance: Ad hoc concepts in ad hoc contexts},
  author={Ifantidou, Elly},
  journal={Journal of Pragmatics},
  volume={41},
  number={4},
  pages={699--720},
  year={2009},
  publisher={Elsevier}
}
@book{carston2008thoughts,
  title={Thoughts and utterances: The pragmatics of explicit communication},
  author={Carston, Robyn},
  year={2008},
  publisher={John Wiley \& Sons}
}
@article{nelson1995theory,
  title={Theory of synesthesia applied to persuasion in print advertising headlines},
  author={Nelson, Michelle R and Hitchon, Jacqueline C},
  journal={Journalism \& Mass Communication Quarterly},
  volume={72},
  number={2},
  pages={346--360},
  year={1995},
  publisher={SAGE Publications}
}

@article{kronrod2001accessibility,
  title={Accessibility theory and referring expressions in newspaper headlines},
  author={Kronrod, Ann and Engel, Orit},
  journal={Journal of Pragmatics},
  volume={33},
  number={5},
  pages={683--699},
  year={2001},
  publisher={Elsevier}
}
@article{krug1989effect,
  title={The effect of outlines and headings on readers' recall of text},
  author={Krug, Damon and George, Byron and Hannon, Shawn A and Glover, John A},
  journal={Contemporary Educational Psychology},
  volume={14},
  number={2},
  pages={111--123},
  year={1989},
  publisher={Elsevier}
}

@article{kuklinski2000reconsidering,
  title={Reconsidering the rational public: Cognition, heuristics, and mass opinion},
  author={Kuklinski, James H and Quirk, Paul J and others},
  journal={Elements of reason: Cognition, choice, and the bounds of rationality},
  pages={153--82},
  year={2000},
  publisher={Cambridge University Press Cambridge}
}

@article{lemarie2012understanding,
  title={Understanding how headings influence text processing},
  author={Lemari{\'e}, Julie and Lorch, Jr Robert F and P{\'e}ry-Woodley, Marie-Paule},
  journal={Discours. Revue de linguistique, psycholinguistique et informatique},
  number={10},
  year={2012},
  publisher={Laboratoire LATTICE, UMR 8094 ENS/CNRS}
}
@article{leon1997effects,
  title={The effects of headlines and summaries on news comprehension and recall},
  author={Le{\'o}n, Jose A},
  journal={Reading and Writing},
  volume={9},
  number={2},
  pages={85--106},
  year={1997},
  publisher={Springer}
}
@misc{lindemann1990cheap,
  title={CHEAP THRILLS WE LIVE BY-SOME NOTES ON THE POETICS OF TABLOID HEADLINESE},
  author={Lindemann, Bernard},
  journal={Journal of Literary Semantics},
  volume={19},
  number={1},
  pages={46--59},
  year={1990},
  publisher={JULIUS GROOS VERLAG HERTZSTRASSE 6 PO BOX 102423, W-6900 HEIDELBERG 1, GERMANY}
}
@article{mccombs1972agenda,
  title={The agenda-setting function of mass media},
  author={McCombs, Maxwell E and Shaw, Donald L},
  journal={Public opinion quarterly},
  pages={176--187},
  year={1972},
  publisher={JSTOR}
}
@article{mcquarrie2005indirect,
  title={Indirect persuasion in advertising: How consumers process metaphors presented in pictures and words},
  author={McQuarrie, Edward F and Phillips, Barbara J},
  journal={Journal of advertising},
  volume={34},
  number={2},
  pages={7--20},
  year={2005},
  publisher={Taylor \& Francis}
}
@article{mcquarrie1992resonance,
  title={On resonance: A critical pluralistic inquiry into advertising rhetoric},
  author={McQuarrie, Edward F and Mick, David Glen},
  journal={Journal of consumer research},
  pages={180--197},
  year={1992},
  publisher={JSTOR}
}

@article{nelson1995theory,
  title={Theory of synesthesia applied to persuasion in print advertising headlines},
  author={Nelson, Michelle R and Hitchon, Jacqueline C},
  journal={Journalism \& Mass Communication Quarterly},
  volume={72},
  number={2},
  pages={346--360},
  year={1995},
  publisher={SAGE Publications}
}
@article{peramunetilleke2002currency,
  title={Currency exchange rate forecasting from news headlines},
  author={Peramunetilleke, Desh and Wong, Raymond K},
  journal={Australian Computer Science Communications},
  volume={24},
  number={2},
  pages={131--139},
  year={2002},
  publisher={IEEE Computer Society Press}
}
@article{perfetti1987comprehending,
  title={Comprehending newspaper headlines},
  author={Perfetti, Charles A and Beverly, Sylvia and Bell, Laura and Rodgers, Kimberly and Faux, Robert},
  journal={Journal of Memory and Language},
  volume={26},
  number={6},
  pages={692--713},
  year={1987},
  publisher={Elsevier}
}
@article{smith2006rhetorical,
  title={Rhetorical figures and the translation of advertising headlines},
  author={Smith, Karen},
  journal={Language and Literature},
  volume={15},
  number={2},
  pages={159--182},
  year={2006},
  publisher={Sage Publications}
}
@article{smith1982comprehensible,
  title={How comprehensible are newspaper headlines?},
  author={Smith, Edward J and Fowler, Gilbert L},
  journal={Journalism \& Mass Communication Quarterly},
  volume={59},
  number={2},
  pages={305--308},
  year={1982},
  publisher={SAGE Publications}
}
@article{domingos2012few,
  title={A few useful things to know about machine learning},
  author={Domingos, Pedro},
  journal={Communications of the ACM},
  volume={55},
  number={10},
  pages={78--87},
  year={2012},
  publisher={ACM}
}
@inproceedings{manning2014stanford,
  title={The Stanford CoreNLP natural language processing toolkit},
  author={Manning, Christopher D and Surdeanu, Mihai and Bauer, John and Finkel, Jenny and Bethard, Steven J and McClosky, David},
  booktitle={Proceedings of 52nd Annual Meeting of the Association for Computational Linguistics: System Demonstrations},
  pages={55--60},
  year={2014}
}

@article{sidorov2014syntactic,
  title={Syntactic n-grams as machine learning features for natural language processing},
  author={Sidorov, Grigori and Velasquez, Francisco and Stamatatos, Efstathios and Gelbukh, Alexander and Chanona-Hern{\'a}ndez, Liliana},
  journal={Expert Systems with Applications},
  volume={41},
  number={3},
  pages={853--860},
  year={2014},
  publisher={Elsevier}
}
@article{bradbury2015character,
  title={A Character Study: Partisan Politics in the Age of Twitter},
  author={Bradbury, James},
  year={2015}
}











 q@book{jurafsky:2008,
    author = {Jurafsky, Daniel and Martin, James H.},
    edition = {2},
    howpublished = {Hardcover},
    isbn = {0131873210},
    month = {May},
    publisher = {Prentice Hall},
    title = {Speech and Language Processing},
    year = {2008}
}

@book{manning:1999,
    author = {Manning, Christopher D. and Schuetze, Hinrich},
    edition = {1},
    howpublished = {Hardcover},
    isbn = {0262133601},
    month = {June},
    publisher = {The MIT Press},
    title = {Foundations of Statistical Natural Language Processing},
    year = {1999}
}

@INPROCEEDINGS{prettenhofer:2010,
    title = {{Cross-Language Text Classification using Structural Correspondence Learning}},
    author = {Peter Prettenhofer and Benno Stein},
    booktitle = {Proceedings of the 48th Annual Meeting of the Association of Computational Linguistics (to appear)},
    month     = {July},
    year      = {2010},
    address   = {Uppsala, Sweden},
    publisher = {Association for Computational Linguistics},
}

@article{rosenblatt:1958,
    author = {Frank Rosenblatt},
    journal = {Psychological review},
    month = {November},
    number = {6},
    pages = {386--408},
    title = {The perceptron: a probabilistic model for information storage and organization in the brain.},
    volume = {65},
    year = {1958}
}
@ONLINE{blog:saccps,
  author = {Virgil, Hawkings},
  title = {Clickbait and Stereotypes: Media Coverage of the DR Congo},
  month = {nov},
  year = {2014},
  url = {http://saccps.blogspot.de/2014/11/clickbait-and-stereotypes-media.html}
  urldate = {2015-10-09}
}
@ONLINE{merriam-webster:clickbait,
  author = {Merriam Webster},
  title = {Definition of CLICKBAIT},
  url = {http://www.merriam-webster.com/dictionary/clickbait}
  urldate = {2016-01-11}
}
@ONLINE{wikipedia:clickbait,
  author = {Wikipedia},
  title = {Clickbait --- {W}ikipedia{,} The Free Encyclopedia},
  url = {https://en.wikipedia.org/wiki/Clickbait}
  urldate = {2016-01-11}
}
@incollection{mccord2011spam,
  title={Spam detection on twitter using traditional classifiers},
  author={Mccord, Michael and Chuah, M},
  booktitle={Autonomic and trusted computing},
  pages={175--186},
  year={2011},
  publisher={Springer}
}
@ONLINE{blog:karadennison,
  author = {Kara, Dennison},
  title = {Kill clickbait},
  month = {06,
  year = {2015},
  url = {http://karadennison.blogspot.de/2015/06/kill-clickbait.html}
  urldate = {2015-10-10}
}
@ONLINE{blog:livingstingy,
  author = {Platt Bell, Robert},
  title = {Clickbait Scam},
  month = {jul},
  year = {2011},
  url = {http://livingstingy.blogspot.de/2011/07/clickbait-scam.html},
  urldate = {2015-10-10}
}
@ONLINE{blog:mychemicaljourney,
  author = {The Chemist},
  title = {Holy Mother of Clickbait},
  month = {feb},
  year = {2015},
  url = {http://mychemicaljourney.blogspot.de/2015/02/holy-mother-of-clickbait.html},
  urldate = {2015-10-10}
}
@ONLINE{blog:putupwithrain,
  author = {Benedict, Lucy},
  title = {Clickbait},
  month = {oct},
  year = {2013},
  url = {http://putupwithrain.blogspot.de/2013/10/clickbait.html},
  urldate = {2015-10-10}
}
@ONLINE{blog:hindsiteblog,
  author = {Hind, Steve},
  title = {My defence of clickbait},
  month = {nov},
  year = {2013 },
  url = {http://hindsiteblog.blogspot.de/2013/11/my-defence-of-clickbait.html},
  urldate = {2015-10-10}
}

@ONLINE{blog:jonslattery,
  author = {Slattery, Jon},
  title = {Media Quotes of the Week: From the online chase for clickbait turns journalists into thieves and liars to should star columnists hit sub editors?},
  month = {apr},
  year = {2015},
  url = {http://jonslattery.blogspot.de/2015/04/media-quotes-of-week-from-online-chase.html},
  urldate = {2015-10-10}
}
@ONLINE{blog:surelysarah,
  author = {Surely Sarah},
  title = {5 Reasons I hate Clickbait (and 1 Why It Works)},
  month = {feb},
  year = {2014},
  url = {http://surelysarah.blogspot.de/2014/02/5-reasons-i-hate-clickbait-and-1-why-it.html},
  urldate = {2015-10-10}
}

@misc{paper:clickbait-detection2,
  title = {Clickbait Detection},
  author = {Prof. Dr. M. Hagen,  Dr. M. Potthast and S. Köpsel}

}

@article{messner2011unconscious,
  title={Unconscious information processing reduces information overload and increases product satisfaction},
  author={Messner, Claude and W{\"a}nke, Michaela},
  journal={Journal of Consumer Psychology},
  volume={21},
  number={1},
  pages={9--13},
  year={2011},
  publisher={Elsevier}
}